<record><leader>00000cas a22000007a 4500</leader><controlfield tag="001">14219377</controlfield><controlfield tag="008">860915d19121917wiuwr ne      0    0ger d</controlfield><datafield ind1=" " ind2=" " tag="010"><subfield code="a">sn 86086553 </subfield></datafield><datafield ind1=" " ind2=" " tag="040"><subfield code="a">NPV</subfield><subfield code="b">eng</subfield><subfield code="c">NPV</subfield><subfield code="d">OCLCQ</subfield></datafield><datafield ind1=" " ind2=" " tag="042"><subfield code="a">msc</subfield></datafield><datafield ind1=" " ind2=" " tag="045"><subfield code="a">x1x1</subfield></datafield><datafield ind1=" " ind2=" " tag="052"><subfield code="a">4123</subfield><subfield code="b">G7</subfield></datafield><datafield ind1="0" ind2="0" tag="245"><subfield code="a">Deutsch schweizerischer courier.</subfield></datafield><datafield ind1=" " ind2=" " tag="260"><subfield code="a">New Glarus, Wis. :</subfield><subfield code="b">John Theiler,</subfield><subfield code="c">1912-1917.</subfield></datafield><datafield ind1=" " ind2=" " tag="300"><subfield code="a">v. :</subfield><subfield code="b">ill.</subfield></datafield><datafield ind1=" " ind2=" " tag="310"><subfield code="a">Weekly</subfield></datafield><datafield ind1="0" ind2=" " tag="362"><subfield code="a">16. Jahrg., no. 26 (1 Okt., 1912)-20 jahrg., no. 52 (3 April, 1917).</subfield></datafield><datafield ind1=" " ind2=" " tag="521"><subfield code="a">"Den Interessen der Schweizerkolonie New Glarus und Umgebung gewidmet."</subfield></datafield><datafield ind1=" " ind2=" " tag="530"><subfield code="a">Available on microfilm from The State Historical Society of Wisconsin.</subfield></datafield><datafield ind1=" " ind2=" " tag="546"><subfield code="a">In German with some columns in English.</subfield></datafield><datafield ind1=" " ind2=" " tag="752"><subfield code="a">United States</subfield><subfield code="b">Wisconsin</subfield><subfield code="c">Green</subfield><subfield code="d">New Glarus.</subfield></datafield><datafield ind1="0" ind2="0" tag="780"><subfield code="t">Deutsch schweizerische courier</subfield><subfield code="w">(DLC)sn 86086554</subfield></datafield></record>